<collection xmlns:xsi="http://www.w3.org/2001/XMLSchema-instance" xmlns="http://www.loc.gov/MARC21/slim" xsi:schemaLocation="http://www.loc.gov/MARC21/slim http://www.loc.gov/standards/marcxml/schema/MARC21slim.xsd">

<record>
  <leader>12823ckdaa2201465 a 4500</leader>
  <controlfield tag="001">3462419</controlfield>
  <controlfield tag="005">20100226103443.0</controlfield>
  <controlfield tag="008">890602i19141916cau||| ||||||     k|eng d</controlfield>
  <datafield tag="035" ind1=" " ind2=" ">
    <subfield code="a">(OCoLC)271453099</subfield>
  </datafield>
  <datafield tag="035" ind1=" " ind2=" ">
    <subfield code="a">(OCoLC)ocn271453099</subfield>
  </datafield>
  <datafield tag="035" ind1=" " ind2=" ">
    <subfield code="a">(CStRLIN)NYDA89-F671</subfield>
  </datafield>
  <datafield tag="035" ind1=" " ind2=" ">
    <subfield code="9">AAA2890AD</subfield>
  </datafield>
  <datafield tag="035" ind1=" " ind2=" ">
    <subfield code="a">(NNC)3462419</subfield>
  </datafield>
  <datafield tag="040" ind1=" " ind2=" ">
    <subfield code="a">NNC</subfield>
    <subfield code="c">NNC</subfield>
    <subfield code="e">ghic</subfield>
  </datafield>
  <datafield tag="043" ind1=" " ind2=" ">
    <subfield code="a">an-us-ca</subfield>
  </datafield>
  <datafield tag="090" ind1=" " ind2=" ">
    <subfield code="i">08/16/01 X</subfield>
    <subfield code="h">08/15/01 X</subfield>
    <subfield code="h">01/09/92 N</subfield>
  </datafield>
  <datafield tag="110" ind1="2" ind2=" ">
    <subfield code="a">Greene &amp; Greene.</subfield>
  </datafield>
  <datafield tag="240" ind1="1" ind2="0">
    <subfield code="a">William E. Hamlin house (Pasadena, Calif.).</subfield>
    <subfield code="p">Design no. 1</subfield>
  </datafield>
  <datafield tag="245" ind1="1" ind2="0">
    <subfield code="a">Residence for W.E. Hamlin, Esq., Pasadena, Cal.</subfield>
    <subfield code="h">[graphic] /</subfield>
    <subfield code="c">Greene &amp; Greene, Architects.</subfield>
  </datafield>
  <datafield tag="260" ind1=" " ind2=" ">
    <subfield code="a">[1914], 1916</subfield>
  </datafield>
  <datafield tag="300" ind1=" " ind2=" ">
    <subfield code="a">71 sheets :</subfield>
    <subfield code="b">various media ;</subfield>
    <subfield code="c">91.6 x 210.3 cm. (36 1/8 x 82 3/4 in.) or smaller.</subfield>
  </datafield>
  <datafield tag="500" ind1=" " ind2=" ">
    <subfield code="a">Bracketed title elements supplied by cataloger or taken form inventory.</subfield>
  </datafield>
  <datafield tag="500" ind1=" " ind2=" ">
    <subfield code="a">Forms part of the Greene &amp; Greene collection of architectural drawings ; job no. 323. Dept. of Drawings &amp; Archives, Avery Architectural and Fine Arts Library.</subfield>
  </datafield>
  <datafield tag="500" ind1=" " ind2=" ">
    <subfield code="a">Scale varies.</subfield>
  </datafield>
  <datafield tag="500" ind1=" " ind2=" ">
    <subfield code="a">It is unclear whether this design or the second one was used in building the house. The two designs were assigned different job nos. by Greene &amp; Greene.</subfield>
  </datafield>
  <datafield tag="500" ind1=" " ind2=" ">
    <subfield code="a">This set consists of 25 graphite on tracing paper, 17 ink with graphite annotations on drafting linen, 5 ink on drafting linen, 5 graphite on tracing paper with crayon applied to the verso, 5 reversed sepia process prints [?] on paper, 5 blueprints on paper, 3 blueline prints on paper, 2 ink and graphite on tracing paper, 1 graphite on paper, 1 graphite on tracing paper with crayon on paper, 1 brownline print on paper, and 1 blueline print with graphite annotations on paper.</subfield>
  </datafield>
  <datafield tag="561" ind1=" " ind2=" ">
    <subfield code="a">Gift of Jean Murray Bangs (Mrs. Harwell Hamilton Harris), 1960 ; formerly the collection of Charles Sumner Greene.</subfield>
  </datafield>
  <datafield tag="650" ind1=" " ind2="7">
    <subfield code="a">Houses.</subfield>
    <subfield code="2">att</subfield>
  </datafield>
  <datafield tag="650" ind1=" " ind2="7">
    <subfield code="a">Concrete.</subfield>
    <subfield code="2">aat</subfield>
  </datafield>
  <datafield tag="650" ind1=" " ind2="7">
    <subfield code="a">Renderings.</subfield>
    <subfield code="2">aat</subfield>
  </datafield>
  <datafield tag="655" ind1=" " ind2="7">
    <subfield code="a">Perspective drawings.</subfield>
    <subfield code="2">aat</subfield>
  </datafield>
  <datafield tag="655" ind1=" " ind2="7">
    <subfield code="a">Heating plans.</subfield>
    <subfield code="2">aat</subfield>
  </datafield>
  <datafield tag="655" ind1=" " ind2="7">
    <subfield code="a">Detail drawings.</subfield>
    <subfield code="2">aat</subfield>
  </datafield>
  <datafield tag="655" ind1=" " ind2="7">
    <subfield code="a">Site plans.</subfield>
    <subfield code="2">aat</subfield>
  </datafield>
  <datafield tag="655" ind1=" " ind2="7">
    <subfield code="a">Architectural drawings</subfield>
    <subfield code="x">American.</subfield>
    <subfield code="2">aat</subfield>
  </datafield>
  <datafield tag="655" ind1=" " ind2="7">
    <subfield code="a">Sketches.</subfield>
    <subfield code="2">aat</subfield>
  </datafield>
  <datafield tag="655" ind1=" " ind2="7">
    <subfield code="a">Orthographic drawings.</subfield>
    <subfield code="2">aat</subfield>
  </datafield>
  <datafield tag="655" ind1=" " ind2="7">
    <subfield code="a">Preliminary drawings.</subfield>
    <subfield code="2">aat</subfield>
  </datafield>
  <datafield tag="690" ind1=" " ind2="4">
    <subfield code="a">Brown line prints.</subfield>
  </datafield>
  <datafield tag="691" ind1=" " ind2="0">
    <subfield code="a">Pasadena (Calif.)</subfield>
  </datafield>
  <datafield tag="697" ind1="2" ind2="4">
    <subfield code="a">William E. Hamlin house, design no. 1 (Pasadena, Calif.)</subfield>
  </datafield>
  <datafield tag="650" ind1=" " ind2="0">
    <subfield code="a">Architecture</subfield>
    <subfield code="z">United States</subfield>
    <subfield code="v">Designs and plans.</subfield>
  </datafield>
  <datafield tag="700" ind1="1" ind2=" ">
    <subfield code="a">Greene, Charles Sumner,</subfield>
    <subfield code="d">1868-1957.</subfield>
  </datafield>
  <datafield tag="700" ind1="1" ind2=" ">
    <subfield code="a">Greene, Henry Mather,</subfield>
    <subfield code="d">1870-1954.</subfield>
  </datafield>
  <datafield tag="700" ind1="1" ind2=" ">
    <subfield code="a">Hamlin, William E.</subfield>
  </datafield>
  <datafield tag="755" ind1=" " ind2=" ">
    <subfield code="a">Sepia process prints.</subfield>
    <subfield code="2">aat</subfield>
  </datafield>
  <datafield tag="755" ind1=" " ind2=" ">
    <subfield code="a">Pencil drawings.</subfield>
    <subfield code="2">aat</subfield>
  </datafield>
  <datafield tag="755" ind1=" " ind2=" ">
    <subfield code="a">Crayon drawings.</subfield>
    <subfield code="2">aat</subfield>
  </datafield>
  <datafield tag="755" ind1=" " ind2=" ">
    <subfield code="a">Ink drawings.</subfield>
    <subfield code="2">aat</subfield>
  </datafield>
  <datafield tag="755" ind1=" " ind2=" ">
    <subfield code="a">Blueprints.</subfield>
    <subfield code="2">aat</subfield>
  </datafield>
  <datafield tag="755" ind1=" " ind2=" ">
    <subfield code="a">Blue line prints.</subfield>
    <subfield code="2">aat</subfield>
  </datafield>
  <datafield tag="799" ind1="4" ind2="1">
    <subfield code="a">The Greene &amp; Greene collection of architectural drawings.</subfield>
  </datafield>
  <datafield tag="789" ind1="0" ind2=" ">
    <subfield code="1">[1]</subfield>
    <subfield code="i">NYDA.1960.001.01555.</subfield>
    <subfield code="t">[Perspective rendering of house from southwest]</subfield>
    <subfield code="p">1 drawing : ink with pencil on tracing paper ; 33 x 53.6 cm. (13 x 21 1/8 in.)</subfield>
  </datafield>
  <datafield tag="789" ind1="0" ind2=" ">
    <subfield code="1">[2]</subfield>
    <subfield code="i">NYDA.1960.001.01556.</subfield>
    <subfield code="t">[Perspective rendering of house from northeast]</subfield>
    <subfield code="p">1 drawing : pencil on tracing paper ; 33 x 53.5 cm. (13 x 21 1/8in.)</subfield>
  </datafield>
  <datafield tag="789" ind1="0" ind2=" ">
    <subfield code="1">[3]</subfield>
    <subfield code="i">NYDA.1960.001.01557.</subfield>
    <subfield code="t">[Perspective rendering of house from northeast]</subfield>
  </datafield>
  <datafield tag="789" ind1="0" ind2=" ">
    <subfield code="1">[4]</subfield>
    <subfield code="i">NYDA.1960.001.01558.</subfield>
    <subfield code="t">[Sketch of rendering of east elevation showing garden]</subfield>
    <subfield code="p">1 drawing : pencil on tracing paper ; 25.5 x 45.7 cm. (10 1/8 x 18 in.)</subfield>
  </datafield>
  <datafield tag="789" ind1="0" ind2=" ">
    <subfield code="1">[5]</subfield>
    <subfield code="i">NYDA.1960.001.01559.</subfield>
    <subfield code="t">[Perspective sketch of roof line from northeast]</subfield>
  </datafield>
  <datafield tag="789" ind1="0" ind2=" ">
    <subfield code="1">[6]</subfield>
    <subfield code="i">NYDA.1960.001.01560.</subfield>
    <subfield code="t">Basement plan :</subfield>
    <subfield code="n">Sheet no. 1.</subfield>
  </datafield>
  <datafield tag="789" ind1="0" ind2=" ">
    <subfield code="1">[7]</subfield>
    <subfield code="i">NYDA.1960.001.01561.</subfield>
    <subfield code="t">Foundation [i.e. basement] plan, [scheme] 1-B.</subfield>
  </datafield>
  <datafield tag="789" ind1="0" ind2=" ">
    <subfield code="1">[8]</subfield>
    <subfield code="i">NYDA.1960.001.01562.</subfield>
    <subfield code="t">First floor plan :</subfield>
    <subfield code="n">Sheet no. 2.</subfield>
  </datafield>
  <datafield tag="789" ind1="0" ind2=" ">
    <subfield code="1">[9]</subfield>
    <subfield code="i">NYDA.1960.001.01563.</subfield>
    <subfield code="t">[First floor plan, scheme] #1-B.</subfield>
  </datafield>
  <datafield tag="789" ind1="0" ind2=" ">
    <subfield code="1">[10]</subfield>
    <subfield code="i">NYDA.1960.001.01564.</subfield>
    <subfield code="t">First floor plan, [scheme] #1-B.</subfield>
  </datafield>
  <datafield tag="789" ind1="0" ind2=" ">
    <subfield code="1">[11]</subfield>
    <subfield code="i">NYDA.1960.001.01565.</subfield>
    <subfield code="t">First floor plan, [scheme] #1-B.</subfield>
    <subfield code="o">Printed in reverse.</subfield>
  </datafield>
  <datafield tag="789" ind1="0" ind2=" ">
    <subfield code="1">[12]</subfield>
    <subfield code="i">NYDA.1960.001.01566.</subfield>
    <subfield code="t">First floor plan, scheme no. 1, [2 unidentified rough sketches] :</subfield>
    <subfield code="n">Sheet no. 1.</subfield>
  </datafield>
  <datafield tag="789" ind1="0" ind2=" ">
    <subfield code="1">[13]</subfield>
    <subfield code="i">NYDA.1960.001.01567.</subfield>
    <subfield code="t">First floor [plan], scheme no. 2 :</subfield>
    <subfield code="n">Sheet no. 1.</subfield>
  </datafield>
  <datafield tag="789" ind1="0" ind2=" ">
    <subfield code="1">[14]</subfield>
    <subfield code="i">NYDA.1960.001.01568.</subfield>
    <subfield code="t">First floor plan, scheme no. 2 :</subfield>
    <subfield code="n">Sheet no. 1.</subfield>
  </datafield>
  <datafield tag="789" ind1="0" ind2=" ">
    <subfield code="1">[15]</subfield>
    <subfield code="i">NYDA.1960.001.01569.</subfield>
    <subfield code="t">First floor plan, [scheme] # 2.</subfield>
  </datafield>
  <datafield tag="789" ind1="0" ind2=" ">
    <subfield code="1">[16]</subfield>
    <subfield code="i">NYDA.1960.001.01570.</subfield>
    <subfield code="t">[Partial first floor plan, bathroom plan, plan of stairway]</subfield>
  </datafield>
  <datafield tag="789" ind1="0" ind2=" ">
    <subfield code="1">[17]</subfield>
    <subfield code="i">NYDA.1960.001.01571R.</subfield>
    <subfield code="t">[Sketch of partial first floor plan]</subfield>
  </datafield>
  <datafield tag="789" ind1="0" ind2=" ">
    <subfield code="1">[18]</subfield>
    <subfield code="i">NYDA.1960.001.01571V.</subfield>
    <subfield code="t">[Rough sketch of partial plan of stairway]</subfield>
  </datafield>
  <datafield tag="789" ind1="0" ind2=" ">
    <subfield code="1">[19]</subfield>
    <subfield code="i">NYDA.1960.001.01572.</subfield>
    <subfield code="t">[Sketch of partial firtst floor plan]</subfield>
  </datafield>
  <datafield tag="789" ind1="0" ind2=" ">
    <subfield code="1">[20]</subfield>
    <subfield code="i">NYDA.1960.001.01573.</subfield>
    <subfield code="t">[Sketch of first floor plan, unidentified rough sketch]</subfield>
  </datafield>
  <datafield tag="789" ind1="0" ind2=" ">
    <subfield code="1">[21]</subfield>
    <subfield code="i">NYDA.1960.001.01574.</subfield>
    <subfield code="t">Second floor plan :</subfield>
    <subfield code="n">Sheet no. 3.</subfield>
  </datafield>
  <datafield tag="789" ind1="0" ind2=" ">
    <subfield code="1">[22]</subfield>
    <subfield code="i">NYDA.1960.001.01575.</subfield>
    <subfield code="t">[Second floor plan :</subfield>
    <subfield code="n">Sheet no. 3.</subfield>
  </datafield>
  <datafield tag="789" ind1="0" ind2=" ">
    <subfield code="1">[23]</subfield>
    <subfield code="i">NYDA.1960.001.01576.</subfield>
    <subfield code="t">Second floor plan, [scheme] #1-B.</subfield>
  </datafield>
  <datafield tag="789" ind1="0" ind2=" ">
    <subfield code="a">1</subfield>
    <subfield code="[">24]</subfield>
    <subfield code="i">NYDA.1960.001.01577.</subfield>
    <subfield code="t">Second floor plan, [scheme] #1-B</subfield>
    <subfield code="o">Pritned in reverse.</subfield>
  </datafield>
  <datafield tag="789" ind1="0" ind2=" ">
    <subfield code="1">[25]</subfield>
    <subfield code="i">NYDA.1960.001.01578.</subfield>
    <subfield code="t">Second floor plan, scheme no. 1. :</subfield>
    <subfield code="n">Sheet no. 2.</subfield>
  </datafield>
  <datafield tag="789" ind1="0" ind2=" ">
    <subfield code="1">[26]</subfield>
    <subfield code="i">NYDA.1960.001.01579.</subfield>
    <subfield code="t">Second floor [plan], scheme no. 1.</subfield>
  </datafield>
  <datafield tag="789" ind1="0" ind2=" ">
    <subfield code="1">[27]</subfield>
    <subfield code="i">NYDA.1960.001.01580.</subfield>
    <subfield code="t">Second floor plan, scheme no. 2 :</subfield>
    <subfield code="n">Sheet no. 2.</subfield>
  </datafield>
  <datafield tag="789" ind1="0" ind2=" ">
    <subfield code="1">[28]</subfield>
    <subfield code="i">NYDA.1960.001.01581.</subfield>
    <subfield code="t">Second floor [plan, scheme] # 2.</subfield>
  </datafield>
  <datafield tag="789" ind1="0" ind2=" ">
    <subfield code="1">[29]</subfield>
    <subfield code="i">NYDA.1960.001.01582.</subfield>
    <subfield code="t">Roof plan :</subfield>
    <subfield code="n">Sheet no. 4.</subfield>
  </datafield>
  <datafield tag="789" ind1="0" ind2=" ">
    <subfield code="1">[30]</subfield>
    <subfield code="i">NYDA.1960.001.01583.</subfield>
    <subfield code="t">East elevation ; detail showing pilasters at door from living room to east terrace :</subfield>
    <subfield code="n">Sheet no. 5.</subfield>
  </datafield>
  <datafield tag="789" ind1="0" ind2=" ">
    <subfield code="1">[31]</subfield>
    <subfield code="i">NYDA.1960.001.01584.</subfield>
    <subfield code="t">[Sketch of east elevation, scheme] #1-A.</subfield>
  </datafield>
  <datafield tag="789" ind1="0" ind2=" ">
    <subfield code="1">[32]</subfield>
    <subfield code="i">NYDA.1960.001.01585.</subfield>
    <subfield code="t">East elevation, [unidentified rough sketch of paln, scheme] #1-B.</subfield>
  </datafield>
  <datafield tag="789" ind1="0" ind2=" ">
    <subfield code="1">[33]</subfield>
    <subfield code="i">NYDA.1960.001.01586.</subfield>
    <subfield code="t">East elevation, [scheme] #1-B.</subfield>
  </datafield>
  <datafield tag="789" ind1="0" ind2=" ">
    <subfield code="1">[34]</subfield>
    <subfield code="i">NYDA.1960.001.01587.</subfield>
    <subfield code="t">East elevation, [scheme] #1-B.</subfield>
  </datafield>
  <datafield tag="789" ind1="0" ind2=" ">
    <subfield code="1">[35]</subfield>
    <subfield code="i">NYDA.1960.001.01588.</subfield>
    <subfield code="t">East elevation, scheme no. 2 :</subfield>
    <subfield code="n">Sheet no. 4.</subfield>
  </datafield>
  <datafield tag="789" ind1="0" ind2=" ">
    <subfield code="1">[36]</subfield>
    <subfield code="i">NYDA.1960.001.01589.</subfield>
    <subfield code="t">[Sketch of east elevation, scheme] #2-A.</subfield>
  </datafield>
  <datafield tag="789" ind1="0" ind2=" ">
    <subfield code="1">[37]</subfield>
    <subfield code="i">NYDA.1960.001.01590.</subfield>
    <subfield code="t">South [elevation, scheme] #1-B.</subfield>
  </datafield>
  <datafield tag="789" ind1="0" ind2=" ">
    <subfield code="1">[38]</subfield>
    <subfield code="i">NYDA.1960.001.01591.</subfield>
    <subfield code="t">South [elevation, scheme] #1-B.</subfield>
  </datafield>
  <datafield tag="789" ind1="0" ind2=" ">
    <subfield code="1">[39]</subfield>
    <subfield code="i">NYDA.1960.001.01592.</subfield>
    <subfield code="t">South [elevation, scheme] #1-B.</subfield>
    <subfield code="o">Printed in reverse.</subfield>
  </datafield>
  <datafield tag="789" ind1="0" ind2=" ">
    <subfield code="1">[40]</subfield>
    <subfield code="i">NYDA.1960.001.01593.</subfield>
    <subfield code="t">West elevation :</subfield>
    <subfield code="n">Sheet no. 7.</subfield>
  </datafield>
  <datafield tag="789" ind1="0" ind2=" ">
    <subfield code="1">[41]</subfield>
    <subfield code="i">NYDA.1960.001.01594.</subfield>
    <subfield code="t">[West elevation, with female figure]</subfield>
  </datafield>
  <datafield tag="789" ind1="0" ind2=" ">
    <subfield code="1">[42]</subfield>
    <subfield code="i">NYDA.1960.001.01595.</subfield>
    <subfield code="t">West [elevation, with section through front, scheme]#1-B.</subfield>
  </datafield>
  <datafield tag="789" ind1="0" ind2=" ">
    <subfield code="1">[43]</subfield>
    <subfield code="i">NYDA.1960.001.01596.</subfield>
    <subfield code="t">West [elevation, with section through front, scheme] #1-B.</subfield>
  </datafield>
  <datafield tag="789" ind1="0" ind2=" ">
    <subfield code="1">[44]</subfield>
    <subfield code="i">NYDA.1960.001.01597.</subfield>
    <subfield code="t">[West elevation with plan of corner]</subfield>
  </datafield>
  <datafield tag="789" ind1="0" ind2=" ">
    <subfield code="1">[45]</subfield>
    <subfield code="i">NYDA.1960.001.01598.</subfield>
    <subfield code="t">[West elevation with partial plan of front]</subfield>
  </datafield>
  <datafield tag="789" ind1="0" ind2=" ">
    <subfield code="1">[46]</subfield>
    <subfield code="i">NYDA.1960.001.01599.</subfield>
    <subfield code="t">West elevation, scheme no. 2 :</subfield>
    <subfield code="n">Sheet no. 3.</subfield>
  </datafield>
  <datafield tag="789" ind1="0" ind2=" ">
    <subfield code="1">[47]</subfield>
    <subfield code="i">NYDA.1960.001.01600.</subfield>
    <subfield code="t">North [elevation :</subfield>
    <subfield code="n">Sheet no. 8.</subfield>
  </datafield>
  <datafield tag="789" ind1="0" ind2=" ">
    <subfield code="1">[48]</subfield>
    <subfield code="i">NYDA.1960.001.01601.</subfield>
    <subfield code="t">North [elevation, scheme] #1-B.</subfield>
  </datafield>
  <datafield tag="789" ind1="0" ind2=" ">
    <subfield code="1">[49]</subfield>
    <subfield code="i">NYDA.1960.001.01602.</subfield>
    <subfield code="t">Section on line "A-A" [through entire house] :</subfield>
    <subfield code="n">Sheet no. 9.</subfield>
  </datafield>
  <datafield tag="789" ind1="0" ind2=" ">
    <subfield code="1">[50]</subfield>
    <subfield code="i">NYDA.1960.001.01603.</subfield>
    <subfield code="t">Section on line "B-B" [through entire house] :</subfield>
    <subfield code="n">Sheet no. 10.</subfield>
  </datafield>
  <datafield tag="789" ind1="0" ind2=" ">
    <subfield code="1">[51]</subfield>
    <subfield code="i">NYDA.1960.001.01604.</subfield>
    <subfield code="t">Section on line "C-C" [through entire house] :</subfield>
    <subfield code="n">Sheet no. 10.</subfield>
  </datafield>
  <datafield tag="789" ind1="0" ind2=" ">
    <subfield code="1">[52]</subfield>
    <subfield code="i">NYDA.1960.001.01605.</subfield>
    <subfield code="t">Interior details [in elevations] -- library, main stairs, bedroom no. 3, screened porch, 1st floor hall, bedroom no. 4, closets off bedrm̀s 1 and 2 :</subfield>
    <subfield code="n">Sheet no. 12.</subfield>
  </datafield>
  <datafield tag="789" ind1="0" ind2=" ">
    <subfield code="1">[53]</subfield>
    <subfield code="i">NYDA.1960.001.01606.</subfield>
    <subfield code="t">Three quater inch scale details -- section through west terrace looking south ; soffit of cornice : soffit of cornice at corner ; plan of balustrade ; soffit of beams between columns ; section looking west [through] bathroom, south terrace, [and] den ; section looking west [through] bathroom, south terrace, [and] den ; section looking west [through] sleeping porch, screened porch, [and] furnace room :</subfield>
    <subfield code="n">Sheet no. 13.</subfield>
  </datafield>
  <datafield tag="789" ind1="0" ind2=" ">
    <subfield code="1">[54]</subfield>
    <subfield code="i">NYDA.1960.001.01607.</subfield>
    <subfield code="t">Reinforced concrete construction -- footing plan [with details in sections :</subfield>
    <subfield code="n">Sheet no. 14.</subfield>
    <subfield code="o">"Note --dotted lines show bearing foundation walls. See basement plan for other partitions which rest on concrete floor. Elevation of top of all footings unless otherwise marked to be 28.375'".</subfield>
  </datafield>
  <datafield tag="789" ind1="0" ind2=" ">
    <subfield code="1">[55]</subfield>
    <subfield code="i">NYDA.1960.001.01608.</subfield>
    <subfield code="t">[Reinforced concrete construction -- footing plan with details in sections]</subfield>
  </datafield>
  <datafield tag="789" ind1="0" ind2=" ">
    <subfield code="1">[56]</subfield>
    <subfield code="i">NYDA.1960.001.01609.</subfield>
    <subfield code="t">Reinforced concrete construction -- first floor plan [with details in ] sections :</subfield>
    <subfield code="n">Sheet no. 15.</subfield>
    <subfield code="o">Drawing includes tables -- "1st floor joist schedule" and "1st floor beam schedule:".</subfield>
    <subfield code="o">"Piping -- solid lines show pipes in floor construction, dotted [lines show popes] below [floor construction].</subfield>
    <subfield code="o">"All slabs 8" floretyle + 2 1/2" concrete unless otherwise noted".</subfield>
  </datafield>
  <datafield tag="789" ind1="0" ind2=" ">
    <subfield code="1">[57]</subfield>
    <subfield code="i">NYDA.1960.001.01610.</subfield>
    <subfield code="t">[Reinforced concrete construction] -- 1st floor [plan, with] typical section.</subfield>
    <subfield code="o">Includes tables -- "1st floor joist schedule" and 1st floor beam schedule".</subfield>
  </datafield>
  <datafield tag="789" ind1="0" ind2=" ">
    <subfield code="1">[58]</subfield>
    <subfield code="i">NYDA.1960.001.01611.</subfield>
    <subfield code="t">Reinforced concrete construction -- second floor plan, [details in sections] :</subfield>
    <subfield code="n">Sheet [sic] no. 16.</subfield>
    <subfield code="o">Drawing includes tables -- "2nd floor joist schedule" and "2nd floor beam schedule".</subfield>
  </datafield>
  <datafield tag="789" ind1="0" ind2=" ">
    <subfield code="1">[59]</subfield>
    <subfield code="i">NYDA.1960.001.01612.</subfield>
    <subfield code="t">[Reinforced concrete construction] -- 2nd floor [plan, details in sections].</subfield>
    <subfield code="o">Includes tables -- "2nd floor joist schedule" nd "2nd floor beam schedule".</subfield>
  </datafield>
  <datafield tag="789" ind1="0" ind2=" ">
    <subfield code="1">[60]</subfield>
    <subfield code="i">NYDA.1960.001.01613.</subfield>
    <subfield code="t">Reinforced concrete construction -- third floor plan, [details in sections].</subfield>
    <subfield code="o">Drawing includes tables -- "third floor joist schedule" and "third floor joist schedule" and "thrid floor beam schedule",</subfield>
    <subfield code="o">"Note -- pipes above floor construction are shown by full lines, those below floor construction by dotted lines".</subfield>
  </datafield>
  <datafield tag="789" ind1="0" ind2=" ">
    <subfield code="1">[61]</subfield>
    <subfield code="i">NYDA.1960.001.01614.</subfield>
    <subfield code="t">[Reiforced concrete construction] -- 3rd floor [plan, details in sections].</subfield>
    <subfield code="t">Includes tables -- "third floor joist schedule" and "third floor beam schedule".</subfield>
  </datafield>
  <datafield tag="789" ind1="0" ind2=" ">
    <subfield code="1">[62]</subfield>
    <subfield code="i">NYDA.1960.001.01615.</subfield>
    <subfield code="t">Reinforced concrete construction -- structural details [in sections and plans] :</subfield>
    <subfield code="n">Sheet no. 18.</subfield>
    <subfield code="o">"General notes -- bent and straight bars in solid slabs to be placed alternately and spaced as shownon plan. 1/4" bars - 18" O.C. to be placed at right angles to main. Reinforcement in all solid conc. slabs and securely wired. All sections and elevations refer to rough concrete structural slab. All bars not otherwise shown to lap 40 diameters".</subfield>
  </datafield>
  <datafield tag="789" ind1="0" ind2=" ">
    <subfield code="1">[63]</subfield>
    <subfield code="i">NYDA.1960.001.01616.</subfield>
    <subfield code="t">[Reinforced concrete consrtuction -- structural] details [in sections and plans].</subfield>
    <subfield code="o">On verso -- "Structural set (prints from tracings as received from Noyes before we made any changes or corrections)".</subfield>
  </datafield>
  <datafield tag="789" ind1="0" ind2=" ">
    <subfield code="1">[64]</subfield>
    <subfield code="i">NYDA.1960.001.01617.</subfield>
    <subfield code="t">Heating plans -- basement floor plan [with] detail at point "B" [and] detail at point "p" :</subfield>
    <subfield code="n">Shet no. 19.</subfield>
  </datafield>
  <datafield tag="789" ind1="0" ind2=" ">
    <subfield code="1">[65]</subfield>
    <subfield code="i">NYDA.1960.001.01618.</subfield>
    <subfield code="t">Heating plans -- first floor plan :</subfield>
    <subfield code="n">Sheet no. 20.</subfield>
  </datafield>
  <datafield tag="789" ind1="0" ind2=" ">
    <subfield code="1">[66]</subfield>
    <subfield code="i">NYDA.1960.001.01619.</subfield>
    <subfield code="t">Heating plans -- second floor plan, detail of rad[iator]s in sewing room :</subfield>
    <subfield code="n">Sheet no. 21.</subfield>
  </datafield>
  <datafield tag="789" ind1="0" ind2=" ">
    <subfield code="1">[67]</subfield>
    <subfield code="i">NYDA.1960.001.01620.</subfield>
    <subfield code="t">Heating plans -- of blast apparatus, [sections through heating machinery], half plan of living room bay (dining room bay similiar [sic] except omitt [sic] rad[iator] at side of bay) :</subfield>
    <subfield code="n">Sheet no. 22.</subfield>
  </datafield>
  <datafield tag="789" ind1="0" ind2=" ">
    <subfield code="1">[68]</subfield>
    <subfield code="i">NYDA.1960.001.01621.</subfield>
    <subfield code="t">[Site plan of lot showing dirve, elevations and postions of trees]</subfield>
  </datafield>
  <datafield tag="789" ind1="0" ind2=" ">
    <subfield code="1">[69]</subfield>
    <subfield code="i">NYDA.1960.001.01622.</subfield>
    <subfield code="t">[Site] plan showing subdivision of lots 3 and 6 of the G. Roscoe Thomas subdivision,</subfield>
    <subfield code="d">Jan. 21, 1916.</subfield>
    <subfield code="o">"Note -- the title of lot 2 carries with it the right to maintain the porte cochere wher it extends over the north line of the driveway at the place marked A during the existence of the present structure ".</subfield>
    <subfield code="o">" Lot 1 area 47,225 sq. ft., lot 2 area 10,236 sq. ft.".</subfield>
  </datafield>
  <datafield tag="789" ind1="0" ind2=" ">
    <subfield code="1">[70]</subfield>
    <subfield code="i">NYDA.1960.001.01623.</subfield>
    <subfield code="t">[Site] plan showing subdivision of lots 3 and 6 of the G. Roscoe Thomas subdivisin.</subfield>
    <subfield code="d">Jan. 21, 1916.</subfield>
  </datafield>
  <datafield tag="789" ind1="0" ind2=" ">
    <subfield code="1">[71]</subfield>
    <subfield code="i">NYDA.1960.001.01624.</subfield>
    <subfield code="t">[Site] plan showing subdivision of lots 3 and 6 of the G. Roscoe Thomas subdivision, [with detail drawings of gates and posts],</subfield>
    <subfield code="d">Jan. 21, 1916.</subfield>
  </datafield>
  <datafield tag="789" ind1="0" ind2=" ">
    <subfield code="1">[72]</subfield>
    <subfield code="i">NYDA.1960.001.01625.</subfield>
    <subfield code="t">[Profiles showing grade of wall and adjoing earth] -- looking south, looking north.</subfield>
    <subfield code="o">"Note -- freehand line shows nat[ural] grade on n[orth] side of wall. Ruled pencil shows wall".</subfield>
  </datafield>
  <datafield tag="900" ind1=" " ind2=" ">
    <subfield code="a">AUTH</subfield>
  </datafield>
</record>

</collection>